% You don't have to leave blank fields, but it doesn't hurt.
% We've left them here to show you what you can enter.





@misc{handsfree,
  author = {{Handsfree for Web - Voice Control}},
  title  = {Handsfree for Web - Voice Control},
  howpublished = {\url{https://www.handsfreeforweb.com/en/}},
  note   = {Accessed: 2024-05-15}
}

@misc{readme,
  author = {{Readme - Text to Speech (TTS)}},
  title  = {Readme - Text to Speech (TTS)},
  howpublished = {{Chrome Web Store}},
  url    = {https://chrome.google.com/webstore/detail/readme-text-to-speech-tts/npdkkcjlmhcnnaoobfdjndibfkkhhdfn?hl=en},
  note   = {Accessed: 2024-05-15}
}

@misc{heybuddy,
  author = {{Hey Buddy - Chrome Voice Assistant}},
  title  = {Hey Buddy - Chrome Voice Assistant},
  howpublished = {{Chrome Web Store}},
  url    = {https://chrome.google.com/webstore/detail/hey-buddy-chrome-voice-as/aollofiafbblhopkofbfmlmbhbdcblem?hl=en},
  note   = {Accessed: 2024-05-15}
}

@misc{lipsurf,
  author = {{LipSurf - Voice Control for the Web}},
  title  = {LipSurf - Voice Control for the Web},
  howpublished = {{Chrome Web Store}},
  url    = {https://chrome.google.com/webstore/detail/lipsurf-voice-control-for/lnnmjmalakahagblkkcnjkoaihlfglon?hl=en},
  note   = {Accessed: 2024-05-15}
}

@misc{voicetyping,
  author = {{Voice Typing}},
  title  = {Voice Typing},
  howpublished = {{Chrome Web Store}},
  url    = {https://chrome.google.com/webstore/detail/voice-typing/hmpihaioaacpehkghnkmnmgmihalkmdf/related?hl=en},
  note   = {Accessed: 2024-05-15}
}

@misc{speechrec,
  author = {{Speech Recognition Anywhere}},
  title  = {Speech Recognition Anywhere},
  howpublished = {{Chrome Web Store}},
  url    = {https://chrome.google.com/webstore/detail/speech-recognition-anywhe/kdnnmhpmcakdilnofmllgcigkibjonof?hl=en},
  note   = {Accessed: 2024-05-15}
}

@misc{texttospeechprod,
  author = {{Text to Speech that Brings Productivity}},
  title  = {Text to Speech that Brings Productivity},
  howpublished = {{Chrome Web Store}},
  url    = {https://chrome.google.com/webstore/detail/text-to-speech-that-bring/eidcpcpmmfiolomceegcagooodnaplmp/related?hl=en},
  note   = {Accessed: 2024-05-15}
}

@misc{voicein,
  author = {{Voice In Voice Typing}},
  title  = {Voice In Voice Typing},
  howpublished = {{Chrome Web Store}},
  url    = {https://chrome.google.com/webstore/detail/voice-in-voice-typing/pjnefijmagpdjfhhkpljicbbpicelgko?hl=en},
  note   = {Accessed: 2024-05-15}
}

@misc{dictationgmail,
  author = {{Dictation for Gmail}},
  title  = {Dictation for Gmail},
  howpublished = {{Chrome Web Store}},
  url    = {https://chrome.google.com/webstore/detail/dictation-for-gmail/eggdmhdpffgikgakkfojgiledkekfdce?hl=en},
  note   = {Accessed: 2024-05-15}
}

@misc{talkie,
  author = {{Talkie: Text-to-Speech (Many Languages)}},
  title  = {Talkie: Text-to-Speech (Many Languages)},
  howpublished = {{Chrome Web Store}},
  url    = {https://chrome.google.com/webstore/detail/talkie-text-to-speech-man/enfbcfmmdpdminapkflljhbfeejjhjjk/related?hl=en},
  note   = {Accessed: 2024-05-15}
}

@misc{navivoice,
  author = {{NaviVoice: Voice Input Productivity Assistant}},
  title  = {NaviVoice: Voice Input Productivity Assistant},
  howpublished = {{Chrome Web Store}},
  url    = {https://chrome.google.com/webstore/detail/navivoice-voice-input-pro/ncfjfikcnmcljbjjkobdpilhmnjbmgpk?hl=en},
  note   = {Accessed: 2024-05-15}
}

@misc{voiceactions,
  author = {{Voice Actions for Chrome (Beta)}},
  title  = {Voice Actions for Chrome (Beta)},
  howpublished = {{Chrome Web Store}},
  url    = {https://chrome.google.com/webstore/detail/voice-actions-for-chrome/hhpjefokaphndbbidpehikcjhldaklje/related?hl=en},
  note   = {Accessed: 2024-05-15}
}

@misc{sayplay,
  author = {{Say Play}},
  title  = {Say Play},
  howpublished = {{Chrome Web Store}},
  url    = {https://chrome.google.com/webstore/detail/say-play/chhonclphdnimjnadmlhhfkedkgmcice?hl=en},
  note   = {Accessed: 2024-05-15}
}

@misc{neo,
  author = {{Neo}},
  title  = {Neo},
  howpublished = {{Chrome Web Store}},
  url    = {https://chrome.google.com/webstore/detail/neo/cblbbefgmfoppgomibiciiakdnaojhgl/related?hl=en},
  note   = {Accessed: 2024-05-15}
}

@misc{speechtext,
  author = {{Speech to Text (Voice Recognition)}},
  title  = {Speech to Text (Voice Recognition)},
  howpublished = {{Chrome Web Store}},
  url    = {https://chrome.google.com/webstore/detail/speech-to-text-voice-reco/kcgloaobfaiejoiahlhnfaolfcifjjho?hl=en},
  note   = {Accessed: 2024-05-15}
}

@misc{captivoice,
  author = {{Capti Voice}},
  title  = {Capti Voice},
  howpublished = {{Chrome Web Store}},
  url    = {https://chrome.google.com/webstore/detail/capti-voice/nlngjmhlfdekmgoaaiendhkcbhdcedjh/related?hl=en},
  note   = {Accessed: 2024-05-15}
}

@misc{voicecontrolvideo,
  author = {{Voice Control for Video}},
  title  = {Voice Control for Video},
  howpublished = {{Chrome Web Store}},
  url    = {https://chrome.google.com/webstore/detail/voice-control-for-video/chlidlijeeodennooemopellplaflomd?hl=en},
  note   = {Accessed: 2024-05-15}
}

@misc{naturalreader,
  author = {{Natural Reader Text to Speech}},
  title  = {Natural Reader Text to Speech},
  howpublished = {{Chrome Web Store}},
  url    = {https://chrome.google.com/webstore/detail/natural-reader-text-to-sp/kohfgcgbkjodfcfkcackpagifgbcmimk?hl=en},
  note   = {Accessed: 2024-05-15}
}

@misc{vcat,
  author = {{VCAT}},
  title  = {VCAT},
  howpublished = {{Chrome Web Store}},
  url    = {https://chrome.google.com/webstore/detail/vcat/gjbnjhimmkpplfccacmmkglojjglmkld/related?hl=en},
  note   = {Accessed: 2024-05-15}
}

@misc{googlevoice,
  author = {{Google Voice Access}},
  title = {Google Voice Access},
  howpublished = {{Accessibility Tools}}
}

@misc{amazonvoice,
  author = {{Amazon Alexa Browser Integrations}},
  title = {Amazon Alexa Browser Integrations}
}

@misc{voicecommerce,
  author = {{A Voice Controlled E-Commerce Web Application}},
  title = {A Voice Controlled E-Commerce Web Application},
  howpublished = {{ResearchGate}},
  url = {https://www.researchgate.net/publication/329207177_A_Voice_Controlled_E-Commerce_Web_Application},
  year = {2018},
  note = {Accessed: 2024-05-15}
}

@misc{researchstudies,
  author = {{IEEE/ACM Publications}},
  title = {Research studies on Voice-Based Human-Computer Interaction (HCI)},
  year = {2019}
}

@misc{accessibilitystudies,
  author = {{Elsevier Journals}},
  title = {Accessibility-focused studies on multilingual TTS and browser integration},
  year = {2020}
}

@article{kepuska2017comparing,
  author = {V. K\H{e}puska and G. Bohouta},
  title = {Comparing Speech Recognition Systems (Microsoft API, Google API, IBM Watson, CMU Sphinx)},
  journal = {Int. Journal of Advanced Computer Science and Applications},
  volume = {8},
  number = {10},
  pages = {186--194},
  year = {2017}
}

@misc{voiceweb_test_results,
  author       = {Sudipta96},
  title        = {Test Results for Voice-Controlled Web Navigation System},
  howpublished = {\url{https://github.com/Sudipta96/A-Voice-Controlled-Web-Navigation-System/blob/main/test_results.json}},
  note         = {Accessed: 28 September 2025}
}
