@misc{handsfree,
  author = {{Handsfree for Web - Voice Control}},
  title  = {Handsfree for Web - Voice Control},
  howpublished = {\url{https://www.handsfreeforweb.com/en/}},
  note   = {Accessed: 2024-05-15}
}

